@book{biehl2015api,
  title={API Architecture},
  author={Biehl, M.},
  isbn={9781508676645},
  series={API-University Series},
  url={https://books.google.ba/books?id=6D64DwAAQBAJ},
  year={2015},
  publisher={CreateSpace Independent Publishing Platform}
}
@misc{Tyler2024,
  title = {ASP.NET MVC Tutorial for Beginners: What is, Architecture},
  author = {Christina Tyler},
  year = {2024},
  note = {\url{https://example.com} (Pristupano: 12.8.2024.)}
}
@misc{Walther2022,
  title = {ASP.NET MVC Controller Overview (C\#)},
  author = {Stephen Walther},
  year = {2022},
  note = {\url{https://learn.microsoft.com/en-us/aspnet/mvc/overview/older-versions-1/controllers-and-routing/aspnet-mvc-controllers-overview-cs} (Pristupano: 12.8.2024.)}
}
@misc{ASPNet2023,
  title = {Izbor izmeÄ‘u API-ja baziranih na kontrolerima i minimalnih API-ja},
  author = {Anonimni autori},
  year = {2023},
  note = {\url{https://learn.microsoft.com/en-us/aspnet/core/web-api/?view=aspnetcore-6.0} (Pristupano: 12.8.2024.)}
}

@misc{Smith2022,
  title = {Views in ASP.NET Core MVC},
  author = {Steve Smith and Dave Brock},
  year = {2022},
  note = {\url{https://learn.microsoft.com/en-us/aspnet/core/mvc/views/overview?view=aspnetcore-6.0} (Pristupano: 12.8.2024.)}
}

@misc{GeeksforGeeks2024,
  title = {MVC Design Pattern},
  author = {GeeksforGeeks},
  year = {2024},
  month = {February},
  note = {\url{https://www.geeksforgeeks.org/mvc-design-pattern/} (Pristupano: 12.8.2024.)}
}

@misc{Maurya2021,
  title = {Application of Restful APIs in IOT: A Review},
  author = {Richa Maurya and Keerthi Anil Nambiar and Poornima Babbe and Jyoti Popat Kalokhe and Y. S. Ingle and N. F. Shaikh},
  year = {2021},
  note = {\url{https://www.ijraset.com} (Pristupano: 9.8.2024.)}
}
@misc{ibm_rest_api,
    title = {What is a REST API?},
    author = {IBM},
    note ={\url{https://www.ibm.com/topics/rest-apis} (Pristupano: (1.8.2024))},
}
@misc{Microsoft2023,
  title = {RESTful web API design},
  author = {Microsoft},
  year = {2023},
  note = {\url{https://learn.microsoft.com/en-us/azure/architecture/best-practices/api-design} (Pristupano: 1.8.2024.)}
}

@misc{altexsoft,
  title = {"What is API: Definition, Types, Specifications, Documentation". altexsoft},
  author = {AltexSoft, 31.5.2024},
  note = {\url{https://www.altexsoft.com/blog/what-is-api-definition-types-specifications-documentation/} (Pristupano: 31.7.2024.)}
}
